<?xml version="1.0" encoding="UTF-8"?><record xmlns="http://www.loc.gov/MARC21/slim" xmlns:cinclude="http://apache.org/cocoon/include/1.0" xmlns:zs="http://www.loc.gov/zing/srw/">
  <leader>00540nz  a2200133n  4500</leader>
  <controlfield tag="001">n 2009052097</controlfield>
  <controlfield tag="003">DLC</controlfield>
  <controlfield tag="005">20090819152454.0</controlfield>
  <controlfield tag="008">090818n| acannaabn          |a aaa      </controlfield>
  <datafield tag="010" ind1=" " ind2=" ">
    <subfield code="a">n 2009052097</subfield>
  </datafield>
  <datafield tag="040" ind1=" " ind2=" ">
    <subfield code="a">DLC</subfield>
    <subfield code="b">eng</subfield>
    <subfield code="c">DLC</subfield>
  </datafield>
  <datafield tag="100" ind1="1" ind2=" ">
    <subfield code="a">Phạm, Huy Đoán</subfield>
  </datafield>
  <datafield tag="400" ind1="0" ind2=" ">
    <subfield code="a">Phạm Huy Đoán</subfield>
  </datafield>
  <datafield tag="670" ind1=" " ind2=" ">
    <subfield code="a">Hệ thống văn bản hướng dẫn thực hiện hợp đồng lao động, thỏa ước lao động tập thể, kỷ luật lao động, và trách nhiệm vật chất, 2004:</subfield>
    <subfield code="b">t.p. (Phạm Huy Đoán)</subfield>
  </datafield>
</record>